
@misc{InformeAvance2013,
author = {Gutiérrez Alfaro, Jaime},
file = {::},
title = {Informe de avance de actividad de investigación},
url = {},
year = {2013}
}

%%no tengo la última versión de este archivo. 
@misc{Propuesta2013,
author = {Gutiérrez Alfaro, Jaime},
file = {::},
title = {Propuesta: Laboratorio experimental de tecnologías computacionales de bajo nivel (Laboratorio expeimental)},
url = {},
year = {2013}
}

@article{GomezDiaz2014,
author = {Gomez-Diaz, Teresa},
file = {::},
journal = {arXiv},
title = {{Free software, Open source software, licenses. A short presentation including a procedure for research software and data dissemination}},
year = {2014}
}

%**Free Software, Open Source software, licences**

%--> una guía en la temática de licencias para proyectos de investigación y laboratorios. 

%Interesante la parte donde explican la relación entre licencias y los productos derivados. 

%Tiene referencias interesantes. (lo voy a compartir en mendeley)

%http://arxiv.org/format/1409.3143v2


%**Free and Open-Source Software is not an Emerging Property but rather the result of studied design**

%--> Entre 2007-2009 el 86% de los desarrolladores del kernel de linux estaban contratados tiempo completo en una empresa. 

%http://arxiv.org/abs/1012.5625

